<?xml version="1.0" encoding="UTF-8"?><collection xmlns="http://www.loc.gov/MARC21/slim"><record><leader>00459nam--2200169-i-4500</leader><controlfield tag="001">000025011</controlfield><controlfield tag="002">20161230</controlfield><controlfield tag="005">20161230201035</controlfield><controlfield tag="008">060222s1000------------r-----000-0-eng-d</controlfield><datafield ind1=" " ind2=" " tag="020"><subfield code="a">0-12-514081-9</subfield></datafield><datafield ind1=" " ind2=" " tag="080"><subfield code="a">515:514:530</subfield></datafield><datafield ind1=" " ind2=" " tag="100"><subfield code="a">Nash, Charles And Sen, Siddhartha</subfield></datafield><datafield ind1=" " ind2=" " tag="245"><subfield code="a">Topology an geometry for physicists</subfield></datafield><datafield ind1=" " ind2=" " tag="260"><subfield code="a">London, Academic Press, 1992 309 P</subfield></datafield><datafield ind1="1" ind2=" " tag="700"><subfield code="a">Siddhartha Sen</subfield></datafield><datafield ind1=" " ind2=" " tag="852"><subfield code="a">80576</subfield><subfield code="c">513.83</subfield></datafield><datafield ind1=" " ind2=" " tag="CAT"><subfield code="a">Sys</subfield><subfield code="c">20080610</subfield><subfield code="h">092056</subfield></datafield></record></collection>